<?xml version="1.0" encoding="UTF-8"?><collection xmlns="http://www.loc.gov/MARC21/slim"><record><leader>00398nam--2200133-i-4500</leader><controlfield tag="001">000043236</controlfield><controlfield tag="002">20161230</controlfield><controlfield tag="005">20161230201043</controlfield><controlfield tag="008">060222s1000------------r-----000-0-eng-d</controlfield><datafield ind1=" " ind2=" " tag="080"><subfield code="a">621.384.64(043)</subfield></datafield><datafield ind1=" " ind2=" " tag="100"><subfield code="a">Susini,A</subfield></datafield><datafield ind1=" " ind2=" " tag="245"><subfield code="a">Les problemes de couplage a large bande entre generateur hf et cavites acceleratrices. these</subfield></datafield><datafield ind1=" " ind2=" " tag="260"><subfield code="a">Rennes, Univ.De Rennes, 1972. 51 P</subfield></datafield><datafield ind1=" " ind2=" " tag="852"><subfield code="a">621.384.64(043)</subfield></datafield></record></collection>